<record><leader>00000cas a22000007a 4500</leader><controlfield tag="001">14352966</controlfield><controlfield tag="008">861007d18651870lauwr ne      0    0fre d</controlfield><datafield ind1=" " ind2=" " tag="010"><subfield code="a">sn 86053757 </subfield></datafield><datafield ind1=" " ind2=" " tag="040"><subfield code="a">NPX</subfield><subfield code="b">eng</subfield><subfield code="c">NPX</subfield><subfield code="d">LNP</subfield><subfield code="d">OCLCQ</subfield></datafield><datafield ind1=" " ind2=" " tag="042"><subfield code="a">msc</subfield></datafield><datafield ind1="0" ind2=" " tag="130"><subfield code="a">Epoque (New Orleans, La.)</subfield></datafield><datafield ind1="1" ind2="2" tag="245"><subfield code="a">L'E&#769;poque.</subfield></datafield><datafield ind1=" " ind2=" " tag="260"><subfield code="a">Nouvelle-Orle&#769;ans [i.e. New Orleans, La.] :</subfield><subfield code="b">L. Placide Canonge</subfield></datafield><datafield ind1=" " ind2=" " tag="300"><subfield code="a">v.</subfield></datafield><datafield ind1=" " ind2=" " tag="310"><subfield code="a">Weekly</subfield></datafield><datafield ind1="1" ind2=" " tag="362"><subfield code="a">Began in 1865; ceased in 1870?</subfield></datafield><datafield ind1=" " ind2=" " tag="546"><subfield code="a">In French.</subfield></datafield><datafield ind1=" " ind2=" " tag="588"><subfield code="a">Description based on: Vol. 1, no. 6 (15 oct. 1865).</subfield></datafield><datafield ind1=" " ind2=" " tag="752"><subfield code="a">United States</subfield><subfield code="b">Louisiana</subfield><subfield code="c">Orleans</subfield><subfield code="d">New Orleans.</subfield></datafield><datafield ind1="0" ind2="5" tag="780"><subfield code="t">Avenir (New Orleans, La. : 1866)</subfield><subfield code="g">Nov. 24, 1867</subfield><subfield code="w">(DLC)sn 86053757</subfield></datafield><datafield ind1="0" ind2="0" tag="785"><subfield code="t">Avenir (New Orleans, La. : 1870)</subfield><subfield code="w">(DLC)sn 88064539</subfield></datafield></record>